@BOOK{JoseSaletan,
     author = {Jos{\'e}, J. V. and Saletan, E. J.},
      title = {Classical Dynamics -- A contemporary approach},
       year = {1998},
  publisher = {Cambridge University Press},
}

@BOOK{Scheck,
     author = {Scheck, F.},
      title = {Mechanik -- Von den Newtonschen Gesetzen zum deterministischen Chaos},
       year = {1992},
  publisher = {Springer},
}
