@BOOK{Kuypers,
     author = {Kuypers, F.},
      title = {Klassische {M}echanik},
       year = {2005},
  publisher = {Wiley},
}

@BOOK{Gradshteyn,
     author = {Gradshteyn, I. S. and Ryzhik, I. M.},
      title = {Table of {I}ntegrals, {S}eries and {P}roducts},
       year = {2007},
  publisher = {Academic Press},
}

@BOOK{Arfken,
     author = {Arfken, G. and Weber, H.},
      title = {Mathematical {M}ethods for {P}hysicists},
       year = {2005},
  publisher = {Elsevier},
}
